<record xmlns="http://www.loc.gov/MARC21/slim" xmlns:xsi="http://www.w3.org/2001/XMLSchema-instance" xsi:schemaLocation="http://www.loc.gov/MARC21/slim http://www.loc.gov/standards/marcxml/schema/MARC21slim.xsd"><leader>02172nam a2200421   4500</leader><controlfield tag="001">001680166</controlfield><controlfield tag="003">NNU</controlfield><controlfield tag="006">m        d        </controlfield><controlfield tag="007">cr cn |||m|||a</controlfield><controlfield tag="008">150116s1968    iq      ob    000 0 ara c</controlfield><datafield ind1=" " ind2=" " tag="040"><subfield code="a">NNU</subfield><subfield code="b">eng</subfield><subfield code="e">rda</subfield><subfield code="c">NNU</subfield></datafield><datafield ind1=" " ind2="4" tag="050"><subfield code="a">PJ7561</subfield><subfield code="b">.B3x</subfield></datafield><datafield ind1="0" ind2="0" tag="050"><subfield code="a">PJ7542.Q3</subfield><subfield code="b">B3</subfield></datafield><datafield ind1="1" ind2=" " tag="100"><subfield code="6">880-01</subfield><subfield code="a">Bas&#803;ri&#772;, &#699;Abd al-Jabba&#772;r Da&#772;wu&#772;d.</subfield></datafield><datafield ind1="1" ind2="0" tag="245"><subfield code="6">880-02</subfield><subfield code="a">Shay&#700; min al-tura&#772;th,</subfield><subfield code="b">dira&#772;sa&#772;t jadi&#772;dah fi&#772; tat&#803;awwur bina&#772;&#700; al-qas&#803;i&#772;dah al-&#699;Arabi&#772;yah</subfield><subfield code="c">[ta&#700;li&#772;f] &#699;Abd al-Jabba&#772;r Da&#772;wu&#772;d al-Bas&#803;ri&#772;.</subfield></datafield><datafield ind1=" " ind2=" " tag="260"><subfield code="6">880-03</subfield><subfield code="a">Baghda&#772;d :</subfield><subfield code="b">Mat&#803;ba&#699;at Da&#772;r al-Bas&#803;ri&#772;,</subfield><subfield code="c">1968.</subfield></datafield><datafield ind1=" " ind2=" " tag="300"><subfield code="a">online resource (318 pages)</subfield></datafield><datafield ind1=" " ind2=" " tag="336"><subfield code="a">text</subfield><subfield code="2">rdacontent</subfield></datafield><datafield ind1=" " ind2=" " tag="337"><subfield code="a">computer</subfield><subfield code="2">rdamedia</subfield></datafield><datafield ind1=" " ind2=" " tag="338"><subfield code="a">online resource</subfield><subfield code="2">rdacarrier</subfield></datafield><datafield ind1=" " ind2=" " tag="500"><subfield code="a">Part of the Arabic Collections Online (ACO) project, contributed by New York Univeristy Libraries.</subfield></datafield><datafield ind1=" " ind2=" " tag="504"><subfield code="a">Includes bibliographical references (pages 281-290).</subfield></datafield><datafield ind1=" " ind2=" " tag="533"><subfield code="a">Electronic reproduction.</subfield><subfield code="b">New York, N.Y. :</subfield><subfield code="c">New York University,</subfield><subfield code="d">2015.</subfield><subfield code="5">NNU</subfield></datafield><datafield ind1=" " ind2="0" tag="650"><subfield code="a">Qasidas</subfield><subfield code="x">History and criticism.</subfield></datafield><datafield ind1=" " ind2="0" tag="650"><subfield code="a">Arabic poetry</subfield><subfield code="x">History and criticism.</subfield></datafield><datafield ind1=" " ind2="7" tag="650"><subfield code="a">Arabic poetry.</subfield><subfield code="2">fast</subfield><subfield code="0">(OCoLC)fst00812533</subfield></datafield><datafield ind1=" " ind2="7" tag="650"><subfield code="a">Qasidas.</subfield><subfield code="2">fast</subfield><subfield code="0">(OCoLC)fst01084814</subfield></datafield><datafield ind1=" " ind2="7" tag="655"><subfield code="a">Criticism, interpretation, etc.</subfield><subfield code="2">fast</subfield><subfield code="0">(OCoLC)fst01411635</subfield></datafield><datafield ind1="2" ind2=" " tag="710"><subfield code="a">New York University.</subfield><subfield code="b">Libraries.</subfield></datafield><datafield ind1="0" ind2=" " tag="730"><subfield code="a">Arabic Collections Online.</subfield></datafield><datafield ind1="0" ind2="8" tag="776"><subfield code="i">Online version:</subfield><subfield code="a">Bas&#803;ri&#772;, &#699;Abd al-Jabba&#772;r Da&#772;wu&#772;d.</subfield><subfield code="t">Shay&#700; min al-tura&#772;b.</subfield><subfield code="d">Baghda&#772;d, Mat&#803;ba&#699;at Da&#772;r al-Bas&#803;ri&#772;, 1968</subfield><subfield code="w">(OCoLC)586079195</subfield></datafield><datafield ind1="0" ind2="8" tag="776"><subfield code="i">Print version:</subfield><subfield code="a">Bas&#803;ri&#772;, &#699;Abd al-Jabba&#772;r Da&#772;wu&#772;d.</subfield><subfield code="t">Shay&#700; min al-tura&#772;th</subfield><subfield code="w">(NNU)001680166</subfield><subfield code="w">(DLC)   79214090</subfield></datafield><datafield ind1="4" ind2="0" tag="856"><subfield code="u">http://hdl.handle.net/2333.1/6djh9xsf</subfield></datafield><datafield ind1="1" ind2=" " tag="880"><subfield code="6">100-01/</subfield><subfield code="a">&#1576;&#1589;&#1585;&#1610;&#1548; &#1593;&#1576;&#1583; &#1575;&#1604;&#1580;&#1576;&#1575;&#1585; &#1583;&#1575;&#1608;&#1583;.</subfield></datafield><datafield ind1="1" ind2="0" tag="880"><subfield code="6">245-02/</subfield><subfield code="a">&#1588;&#1610;&#1569; &#1605;&#1606; &#1575;&#1604;&#1578;&#1585;&#1575;&#1579; :</subfield><subfield code="b">&#1583;&#1585;&#1575;&#1587;&#1575;&#1578; &#1580;&#1583;&#1610;&#1583;&#1577; &#1601;&#1610; &#1578;&#1591;&#1608;&#1585; &#1576;&#1606;&#1575;&#1569; &#1575;&#1604;&#1602;&#1589;&#1610;&#1583;&#1577; &#1575;&#1604;&#1593;&#1585;&#1576;&#1610;&#1577; /</subfield><subfield code="c">[&#1578;&#1571;&#1604;&#1610;&#1601;] &#1593;&#1576;&#1583; &#1575;&#1604;&#1580;&#1576;&#1575;&#1585; &#1583;&#1575;&#1608;&#1583; &#1575;&#1604;&#1576;&#1589;&#1585;&#1610;.</subfield></datafield><datafield ind1=" " ind2=" " tag="880"><subfield code="6">260-03/</subfield><subfield code="a">&#1576;&#1594;&#1583;&#1575;&#1583; :</subfield><subfield code="b">&#1605;&#1591;&#1576;&#1593;&#1577; &#1583;&#1575;&#1585; &#1575;&#1604;&#1576;&#1589;&#1585;&#1610;&#1548;</subfield><subfield code="c">1968.</subfield></datafield><datafield ind1=" " ind2=" " tag="959"><subfield code="a">NNU</subfield><subfield code="b">WEB</subfield><subfield code="c">GENI</subfield><subfield code="t">0</subfield><subfield code="m">Electronic access</subfield><subfield code="s">01</subfield></datafield><datafield ind1=" " ind2=" " tag="999"><subfield code="i">NNU_001680166</subfield><subfield code="o" /></datafield></record>